@misc{branden,
    author = {Branden, Carl  and Tooze, John},
    title = "{Introduction to Protein Structure}",
    year = 1999
}

